
@Book{nielsen10_quant,
  author =       {Nielsen, Michael and Chuang, Isaac},
  title =        {Quantum computation and quantum information},
  year =         2010,
  publisher =    {Cambridge University Press},
  address =      {Cambridge New York},
  isbn =         9781107002173,
}

@article{behera19_demon_entan_purif_swapp_protoc,
  author =       {Bikash K. Behera and Swarnadeep Seth and Antariksha Das and
                  Prasanta K. Panigrahi},
  title =        {Demonstration of Entanglement Purification and Swapping
                  Protocol To Design Quantum Repeater in Ibm Quantum Computer},
  journal =      {Quantum Information Processing},
  volume =       18,
  number =       4,
  pages =        108,
  year =         2019,
  doi =          {10.1007/s11128-019-2229-2},
  url =          {https://doi.org/10.1007/s11128-019-2229-2},
  DATE_ADDED =   {Wed Apr 8 18:20:34 2020},
}

